<record><leader>00000cas a2200000 a 4500</leader><controlfield tag="001">11039660</controlfield><controlfield tag="008">840810d18561880nhudn ne      0    0eng c</controlfield><datafield ind1=" " ind2=" " tag="010"><subfield code="a">sn 84023845 </subfield><subfield code="z">sn 84023847 </subfield></datafield><datafield ind1=" " ind2=" " tag="040"><subfield code="a">AQM</subfield><subfield code="b">eng</subfield><subfield code="c">AQM</subfield><subfield code="d">NPX</subfield><subfield code="d">DLC</subfield><subfield code="d">NPY</subfield><subfield code="d">NVH</subfield><subfield code="d">DLC</subfield><subfield code="d">OCL</subfield><subfield code="d">DLC</subfield><subfield code="d">OCLCQ</subfield><subfield code="d">DLC</subfield><subfield code="d">OCLCF</subfield></datafield><datafield ind1=" " ind2=" " tag="019"><subfield code="a">11039802</subfield></datafield><datafield ind1="1" ind2=" " tag="029"><subfield code="a">AU@</subfield><subfield code="b">000025828674</subfield></datafield><datafield ind1=" " ind2=" " tag="042"><subfield code="a">pcc</subfield></datafield><datafield ind1=" " ind2=" " tag="043"><subfield code="a">n-us-nh</subfield></datafield><datafield ind1="0" ind2="0" tag="050"><subfield code="a">Newspaper</subfield></datafield><datafield ind1="0" ind2="0" tag="245"><subfield code="a">Manchester daily union.</subfield></datafield><datafield ind1=" " ind2=" " tag="260"><subfield code="a">Manchester, N.H. :</subfield><subfield code="b">J.M. Campbell</subfield></datafield><datafield ind1=" " ind2=" " tag="300"><subfield code="a">v.</subfield></datafield><datafield ind1=" " ind2=" " tag="310"><subfield code="a">Daily (except Sunday)</subfield></datafield><datafield ind1="0" ind2=" " tag="362"><subfield code="a">Vol. 1, no. 1 (Aug. 12, 1856)- ; v. 1, no. 1 (Mar. 31, 1863)-v. 18, no. 62 (June 12, 1880).</subfield></datafield><datafield ind1=" " ind2=" " tag="500"><subfield code="a">Published during political campaigns 1856-1863, thereafter continuously.</subfield></datafield><datafield ind1=" " ind2=" " tag="515"><subfield code="a">Volume numbering irregular.</subfield></datafield><datafield ind1=" " ind2=" " tag="580"><subfield code="a">Weekly eds.: Union Democrat (Manchester, N.H. : 1851), and: Weekly union (Manchester, N.H. : 1861), and: Union Democrat (Manchester, N.H. : 1862), and: Union Democrat and New Hampshire agriculturist.</subfield></datafield><datafield ind1=" " ind2="0" tag="651"><subfield code="a">Manchester (N.H.)</subfield><subfield code="v">Newspapers.</subfield></datafield><datafield ind1=" " ind2="7" tag="655"><subfield code="a">Newspapers.</subfield><subfield code="2">fast</subfield><subfield code="0">(OCoLC)fst01423814</subfield></datafield><datafield ind1=" " ind2="7" tag="651"><subfield code="a">New Hampshire</subfield><subfield code="z">Manchester.</subfield><subfield code="2">fast</subfield><subfield code="0">(OCoLC)fst01212997</subfield></datafield><datafield ind1=" " ind2=" " tag="752"><subfield code="a">United States</subfield><subfield code="b">New Hampshire</subfield><subfield code="c">Hillsborough</subfield><subfield code="d">Manchester.</subfield></datafield><datafield ind1="1" ind2=" " tag="775"><subfield code="t">Union Democrat (Manchester, N.H. : 1851)</subfield><subfield code="w">(DLC)sn 84023848</subfield></datafield><datafield ind1="1" ind2=" " tag="775"><subfield code="t">Weekly union (Manchester, N.H. : 1861)</subfield><subfield code="w">(DLC)sn 90062621</subfield></datafield><datafield ind1="1" ind2=" " tag="775"><subfield code="t">Union Democrat (Manchester, N.H. : 1862)</subfield><subfield code="w">(DLC)sn 90062622</subfield></datafield><datafield ind1="1" ind2=" " tag="775"><subfield code="t">Union Democrat and New Hampshire agriculturist</subfield><subfield code="w">(DLC)sn 91063007</subfield></datafield><datafield ind1="0" ind2="0" tag="780"><subfield code="t">Daily union (Manchester, N.H. : 1852)</subfield><subfield code="w">(DLC)sn 84023846</subfield></datafield><datafield ind1="0" ind2="0" tag="785"><subfield code="t">Daily union (Manchester, N.H. : 1880)</subfield><subfield code="w">(DLC)sn 85038303</subfield></datafield></record>